@misc{to,
  author = {Quest},
  title = {{Tactics Ogre: Let Us Cling Together}},
  year = {1995}, 
}