@misc{to,
  author = {Quest},
  title = {{Tactics Ogre: Let Us Cling Together}},
  year = {1995}, 
}
@book{isometric_game_programming,
  title={Isometric game programming with DirectX 7.0},
  author={Pazera, E.},
  isbn={9780761530893},
  lccn={00107339},
  series={Game Development Series},
  year={2001},
  publisher={Prima Tech}
}
